1100 1506
277 161 320 182 623
470 159 495 177 ιι.
508 158 590 177 'runnu
602 157 733 176 mosaoms

278 216 324 231 non
339 209 399 235 sunt,
419 214 448 229 ne
463 206 592 229 domesticas
608 206 697 234 quidem
711 207 764 228 tuas
783 206 876 234 perlatas
889 213 913 227 ιι-

279 239 354 260 bitror.
384 236 483 259 Ciceroni
498 236 574 258 scribis
588 236 611 257 te
626 235 753 264 longiorem
768 235 868 257 daturum
881 235 915 263 epi-

280 268 368 290 stolam:
389 268 447 288 reete
466 266 489 287 id
504 265 599 293 quidem,
620 264 659 286 sed
677 265 734 286 haec
753 272 839 293 quoque
854 265 915 286 debuit

281 304 328 318 esse
343 296 433 324 plenior.
451 295 499 323 Ego
509 296 588 322 autem,
603 302 671 322 quum
685 294 713 316 ad
730 302 766 316 me
782 294 809 316 de
819 294 916 317 Ciceronis

281 326 320 347 abs
329 327 351 346 te
360 325 456 347 discessu
471 324 599 352 scripsisses,
614 323 689 345 statim
704 324 789 346 extrusi
805 324 916 345 tabellarios

280 355 407 382 litterasque
429 354 456 376 ad
477 353 612 381 Ciceronem,
632 354 667 381 ut,
688 353 777 387 etiamsi
799 353 823 375 in
842 353 916 375 Italiam

281 384 385 411 venisset,
404 383 432 405 ad
447 384 469 404 te
484 382 571 410 rediret3
591 382 647 404 nihil
662 382 722 404 enim
738 382 794 404 mihi
809 383 916 410 iucundius,

282 413 338 435 nihil
355 413 387 434 illi
405 412 523 434 honestius.
553 411 689 440 Quamquam
707 412 826 440 aliquoties
844 412 863 434 ei
876 412 916 433 scri-

282 450 368 477 pseram
384 442 519 464 sacerdotum
533 441 621 463 comitia
629 448 678 462 mea
687 448 775 463 summa
790 442 917 463 contentione

283 472 307 494 in
322 472 413 493 alterum
428 478 510 493 annum
525 478 571 492 esse
589 471 669 492 reiecta.
684 482 713 486 —-
730 471 791 499 quod
807 478 847 499 ego
861 478 916 499 quum

284 501 393 528 Ciceronis
415 508 480 522 causa
501 500 618 527 elaboravi,
638 501 687 522 tum
707 499 813 528 Domitii,
833 499 917 527 Catonis,

284 525 380 558 Lentuli,
400 530 536 558 Bibulorum,
557 529 614 557 quod
632 529 659 551 ad
679 530 701 551 te
717 529 786 551 etiam
802 530 916 558 scripseram

284 568 322 587 -3
344 547 381 581 sed
399 560 507 587 videlicet,
528 566 594 587 quum
614 559 674 580 illam
692 559 798 587 pusillam
816 560 916 588 epistolum

284 590 345 610 tuam
363 589 390 610 ad
410 596 444 610 me
464 589 539 617 dabas,
560 588 656 610 nondum
677 589 726 610 erat
746 589 789 610 tibi
807 589 830 611 id
846 590 916 611 notum.

267 618 355 643 :Quare
375 618 435 639 omni
454 618 525 640 studio
541 625 554 639 a
568 619 599 645 te,
620 618 650 639 mi
664 617 744 646 Brute,
766 619 880 646 contendo,
897 619 916 639 ut

285 647 410 669 Ciceronem
431 655 503 669 meum
524 654 551 669 ne
572 647 668 668 dimittas
691 635 810 681 tecumque
831 635 915 674 dedicas,

285 676 343 711 quod
357 677 436 704 ipsum,
451 677 470 698 si
484 684 530 698 rem
544 676 658 704 publicam,
673 676 709 698 cui
723 679 838 705 susceptus
852 685 877 705 es,
888 684 915 698 re·

286 706 357 734 spicis,
370 706 426 728 tibi'
420 714 464 728 iam
476 706 561 734 iamque
570 706 693 728 faciendum
702 708 746 728 est:
761 708 861 729 renatum
868 706 915 728 enim

286 736 367 757 bellum
382 737 421 764 est,
435 736 498 763 idque
513 743 558 757 uon
573 743 663 763 parvum
677 736 758 757 scelere
774 736 855 765 Lepidi,
868 743 914 757 exer

287 765 342 786 citus
357 752 429 786 auteiii
445 764 551 792 Caesaris,
566 765 603 793 qui
617 766 664 786 erat
679 765 786 794 optimus,
804 773 845 787 non
860 765 914 787 modo

286 794 341 816 nihil
356 795 450 822 prodest,
465 794 502 815 sed
511 794 576 816 etiam
589 794 648 823 cogit
656 795 777 816 exercitum
791 796 851 817 tuum
864 794 913 822 flagi·

286 824 335 851 tax-i,
350 824 386 851 qui
402 824 420 845 si
435 824 521 845 ltaliam
536 824 638 852 attigerit,
653 824 695 845 erit
710 824 764 846 civis
780 832 849 852 nemo
862 831 913 852 quem

287 853 373 881 quidem
388 853 456 874 civem
471 853 575 881 appellari
589 853 623 874 fas
638 853 677 881 sit,
700 854 737 881 qui
754 861 777 875 se
792 861 837 876 non
851 854 872 875 in
884 855 913 874 tu·

287 883 358 904 castra
373 883 479 910 conferat·
495 882 535 903 etsi
549 882 641 904 Brutum
656 884 768 910 praeclare
784 891 832 905 cum
846 883 912 904 Planco

287 912 426 933 coniunctum
440 911 553 939 habemus,
572 912 608 933 sed
623 919 668 933 non
683 912 784 940 ignoras,
806 920 867 941 quam
880 912 913 933 sint
941 917 942 931 ὶ

286 941 363 962 incerti
378 942 400 962 et
415 941 481 962 animi
496 941 607 962 hominum
616 941 692 962 infecti
707 942 808 969 partibus
824 943 845 963 et
858 942 912 963 exitu

286 970 423 998 proeliorum.
453 970 510 995 Quin
529 971 602 998 etiam,
623 970 649 998 si,
671 972 697 992 ut
715 979 789 999 spero,
810 972 913 996 vicerimus,

286 1000 359 1020 tamen
374 1007 476 1028 magnam
491 1000 669 1028 gubernationem
687 1000 721 1021 tui
737 1001 823 1023 consilii
837 1003 913 1028 tuaeque

287 1029 421 1050 auctoritatis
436 1036 470 1050 res
480 1029 617 1050 desiderabit:
633 1029 726 1050 subveni
736 1030 811 1058 igitur,
826 1038 863 1059 per
870 1030 913 1055 deos,

287 1058 350 1086 idque
360 1065 425 1086 quam
439 1058 538 1086 primum,
553 1058 634 1086 tibique
649 1059 757 1086 persuade
767 1067 814 1082 ιιοιι
825 1062 847 1082 te
855 1060 913 1081 Idibus

286 1087 379 1115 Martiis,
401 1088 478 1115 quibus
494 1088 619 1109 servitutem
634 1095 647 1109 a
661 1088 706 1109 tuis
723 1089 809 1111 civibus
824 1087 914 1118 depulisti,

286 1117 335 1144 plus
350 1117 456 1144 profuisse
471 1117 553 1145 patriae
566 1125 636 1145 quam,
652 1117 670 1138 si
679 1119 766 1140 mature
777 1120 867 1147 veneris,
879 1124 915 1147 prcr

285 1146 388 1167 futurum.
412 1152 434 1167 v.
448 1146 500 1168 Idus
516 1146 639 1171 Quinctiles.

332 1209 366 1232 Ep.
375 1211 402 1231 14,
409 1212 425 1228 8.
451 1216 515 1228 arvum
524 1211 587 1228 scelere
596 1210 690 1234 (Guilelm.
701 1211 763 1234 conj..)
774 1217 857 1235 parvm
868 1212 917 1235 vulgo.

286 1241 308 1244 —
320 1215 427 1256 depulisti(
419 1234 481 1256 (m)
497 1239 547 1256 repp.
560 1234 623 1258 vulgo.
